VOL1BURQ66                           ****830000                                3                                                
HDR1 A606005Z0001                      F     01 03325              033250                                                       
UHL1 03325606005    00000000         000              TEST                                                                                            
1234566717531509913400000000000000000000001000Ian Smith         A1234BY 09/12/86                     04036                      
UTL100000000000000000000001000000000000000010000000                                                                             
