VOL1BURQ66                           ****830000                                3                                                
HDR1 A606005Z0001                      F     01 03325              033250                                                       
UHL1 03325606005    00000000         000              TEST                                                                                            
UTL100000000000000000000000000000000000000000000000                                                                             
