VOL1BURQ66                           ****830000                                3                                                
HDR1 A606005Z0001                      F     01 03325              033250                                                       
UHL1 04037606005    00000000         000              TEST                                                                      
1234566717531509300000000000000000000000009600TT- GGGGGGGG -20  WORLDPAY_CHAPS                       04036                      
1234566717531509924543278990056000000000009802TT- GGGGGGGG -2209WORLDPAY                             04036                      
1234566717531509300000000000000000000000009701TT- GGGGGGGG -21  WORLDPAY_CHAPS                       04036                      
UTL100000000000000000000029103000000000000030000000                                                                             
