VOL1BURQ66                           ****830000                                3                                                
HDR1 A606005Z0001                      F     01 03325              033250                                                       
UHL1 03325606005    00000000         000              TEST                                                                                            
1234566717531509913400000000000000000000001000123A 123456A      A1234BY 09/12/86                     04036                      
1234566717531509909000000050005000000000001000A12345678SMI      A1234BY 09/12/86                     04036                                 
12345667175315093070093333333340000000000010001234/12345678     A1234BY 09/12/86                      04036                      
123456671753150930700933333333400000000000100012-123456-12345   A1234BY 09/12/86                      04036                      
12345667175315093609495222222220000000000010001234567890        A1234BY 09/12/86                      04036                      
1234566717531500360949522222222000000000001000                  1234567890                            04036                      
1234566717531509909000000050005000000000001000A12345678         A1234BY 09/12/86                     04036                                 
UTL100000000010000000000006000000000100000060000000                                                                             
