VOL1BURQ66                           ****830000                                3                                                
HDR1 A606005Z0001                      F     01 03325              033250                                                       
UHL1 03325606005    00000000         000              TEST                                                                                            
1234566717531509913400000000000000000000001000123A 123456A      A1234BY 09/12/86                     04036                      
1234566717531509900000000050005000000000001000A12345678SMI      A1234BY 09/12/86                     04036                                 
12345667175315093070093000000000000000000010001234/12345678     A1234BY 09/12/86                      04036                      
1234566717531509307009333333334000000000001000                  A1234BY 09/12/86                      04036                      
UTL100000000000000000000004000000000000000040000000                                                                             
