VOL1BURQ66                           ****830000                                3                                                
HDR1 A606005Z0001                      F     01 03325              033250                                                       
UHL1 03325606005    00000000         000              TEST                                                                                            
1234566717531500300000000000000000000000288615NW-CHASE  PSC-0302Payment refund                       04036                      
1234569988776609960800629696666000000000008939NORTHERN DIY   E  A1234BY 09/12/86                     04036                                 
1234566717531509324543278990056000000000009802NW-EDINBURGH -0302B4321XZ 8/11/1992                    04038                      
123456671753150Y1              0000 000000038510000C000000000000000C000000056571776C000000038474276C 04036                      
UTL100000002886150000000018741000000100000020000001                                                                             
